@misc{frenchidrone,
  key          = {FrenchiDrone},
  title        = {Calibration de caméra},
  howpublished = {\url{https://www.frenchidrone.com/calibration-de-camera/}},
  note         = {Consulté le 20 mai 2025},
  author       = {{FrenchiDrone}},
  language     = {french}
}
@misc{wikipedia_calibration_camera,
    title = {Calibration de caméra},
    howpublished = {\url{https://fr.wikipedia.org/wiki/Calibration_de_cam%C3%A9ra}},
    note = {Consulté le 20 mai 2025},
    author = {{Wikipédia}},
    language = {french}
}